@inproceedings{wang2013depression,
  title={A depression detection model based on sentiment analysis in micro-blog social network},
  author={Wang, Xinyu and Zhang, Chunhong and Ji, Yang and Sun, Li and Wu, Leijia and Bao, Zhana},
  booktitle={Pacific-Asia Conference on Knowledge Discovery and Data Mining},
  pages={201--213},
  year={2013},
  organization={Springer}
}
@inproceedings{losada2016test,
  title={A test collection for research on depression and language use},
  author={Losada, David E and Crestani, Fabio},
  booktitle={International Conference of the Cross-Language Evaluation Forum for European Languages},
  pages={28--39},
  year={2016},
  organization={Springer}
}
@inproceedings{gilbert2014vader,
  title={Vader: A parsimonious rule-based model for sentiment analysis of social media text},
  author={Gilbert, CJ Hutto Eric},
  booktitle={Eighth International Conference on Weblogs and Social Media (ICWSM-14). Available at (20/04/16) http://comp. social. gatech. edu/papers/icwsm14. vader. hutto. pdf},
  year={2014}
}
@article{leiva2017towards,
  title={Towards suicide prevention: early detection of depression on social media},
  author={Leiva Aranda, V{\'\i}ctor},
  year={2017}
}
@article{polikar2006ensemble,
  title={Ensemble based systems in decision making},
  author={Polikar, Robi},
  journal={IEEE Circuits and systems magazine},
  volume={6},
  number={3},
  pages={21--45},
  year={2006},
  publisher={IEEE}
}
@inproceedings{liu1995chi2,
  title={Chi2: Feature selection and discretization of numeric attributes},
  author={Liu, Huan and Setiono, Rudy},
  booktitle={Tools with artificial intelligence, 1995. proceedings., seventh international conference on},
  pages={388--391},
  year={1995},
  organization={IEEE}
}
@article{chawla2002smote,
  title={SMOTE: synthetic minority over-sampling technique},
  author={Chawla, Nitesh V and Bowyer, Kevin W and Hall, Lawrence O and Kegelmeyer, W Philip},
  journal={Journal of artificial intelligence research},
  volume={16},
  pages={321--357},
  year={2002}
}

@article{losadaclef,
  title={CLEF 2017 eRisk Overview: Early Risk Prediction on the Internet: Experimental Foundations},
  author={Losada, David E and Crestani, Fabio and Parapar, Javier},
  year={2017}
}

